%!TEX program = bibtex
%!TEX root = main.tex
 @inbook{zapryanov_jacobian,
  place     = {София, София},
  edition   = {1},
  title     = {Методи на Ойлер и Лагранж},
  volume    = {1},
  booktitle = {Хидродинамика},
  publisher = {Унив. изд. Св. Климент Охридски},
  author    = {Запрянов, Запрян},
  year      = {1996},
  pages     = {14–15}
} 